@article{Shannon:1949ti,
	author = {Shannon, Claude Elwood},
	title = {{The Mathematical Theory of Communication}},
	journal = {The Bell System Technical Journal},
	year = {1949},
	volume = {27},
	pages = {379--423},
	Doi = {10.1002/j.1538-7305.1948.tb01338.x}
}

